
%%%%%%%%%%%% REMOVE %%%%%%%%%%%%%%%
@misc{GroupActions,
  title         = {Group Actions based on Brent Everrit Lecture Series},
  url           = {https://akash-g0807.github.io/group_actions/group_actions.pdf},
  year          = {2024}
}
@misc{GaloisTheory,
  title         = {Galois Theory based on Brent Everrit Lecture Series},
  url           = {https://akash-g0807.github.io/group_actions/galois_theory.pdf},
  year          = {2024}
}
%%%%%%%%%%%% REMOVE %%%%%%%%%%%%%%%

